2970 4822
384 374 643 441 unumunurn
677 378 922 448 uonocrnun
1018 321 1023 329 Ι
1126 372 1201 447 691

174 559 243 619 lare
263 578 363 624 tom
386 568 578 648 longitudine.
619 567 783 630 Peduueali
802 572 959 645 axillares,
977 590 1047 631 raro
1065 577 1205 634 termina·

174 685 181 717 ,
202 648 345 724 solitarii,
371 652 506 727 nniflori,
535 656 761 729 adscendentes,
790 656 955 731 filiformes,
982 656 1093 737 glabri,
1122 663 1205 735 nudi,

174 731 304 792 bnnlto
322 738 488 817 longiores3
501 740 670 815 fructiferi
689 742 869 820 longissimi,
890 742 971 814 tri-,
999 743 1203 819 qnadriuncia·

204 813 308 879 flores
337 826 435 880 erecti.
481 822 579 902 Calyr
605 825 723 903 glaber:
745 826 878 884 Laciniia
898 829 1040 902 quinque,
1069 833 1202 903 setaceis,

174 900 268 974 alatis,
289 909 420 965 omnibus
442 913 554 967 erectis.
600 910 718 968 Corolia
740 912 830 967 dilute
852 914 1003 984 caerulea,
1025 914 1125 988 calyce
1146 918 1201 972 tri·

181 985 313 1067 bugin,
339 993 715 1071 tubuloso-campannlata:
744 994 843 1053 Liurdo
872 999 1089 1073 patentissimo,
1117 1001 1201 1073 quin·

174 1066 231 1129 lto.
277 1074 409 1157 capsula
431 1077 668 1156 hemisphaerica,
689 1080 804 1153 infera,
831 1080 951 1160 glabra,
978 1083 1200 1158 quinquecosta·

181 1156 260 1233 apice
280 1160 431 1221 de'biscens
452 1165 584 1221 dentibus
613 1167 747 1241 quinque.
1100 1164 1104 1171 '

174 1234 306 1305 lesere.
330 1243 358 1305 Ι.
402 1246 605 1328 campanulae
646 1249 997 1329 generi-adscripserunt
1031 1249 1198 1312 birsicus

231 1332 339 1407 quique
362 1352 426 1391 eum
448 1336 540 1391 secuti
561 1345 628 1391 sunt
649 1334 774 1393 botenici
796 1345 840 1405 et,
868 1336 983 1409 nesciol,
1011 1354 1068 1411 quo
1088 1336 1197 1396 iactum

230 1418 281 1487 sit,
303 1419 430 1493 ejusdem
451 1421 593 1476 sectioni:
617 1418 755 1499 capsulis
776 1421 864 1478 tectio
885 1420 1118 1480 udnumerarunt.
1140 1421 1198 1479 Ca-

230 1500 309 1579 lycia
338 1513 367 1559 et
388 1502 521 1560 Corollae
553 1505 668 1579 quidem
693 1515 839 1563 structura
861 1506 998 1562 convenit
1018 1525 1083 1563 curn
1108 1506 1196 1564 Coss·

222 1586 362 1665 pessula,
390 1598 422 1644 at
442 1586 583 1663 Capsulac
605 1599 750 1646 structura
772 1591 938 1668 longissime
959 1591 1077 1648 recedit.
1121 1591 1196 1669 Cap-

228 1672 295 1727 snls
315 1673 392 1730 enim
414 1675 619 1744 unilocularis,
639 1678 717 1732 intus
738 1676 979 1749 quinqueplicats,
1000 1684 1034 1732 ut
1055 1678 1195 1752 quinque-

227 1756 367 1814 locularis
388 1760 481 1835 primo
503 1761 608 1815 intuitu
629 1772 777 1835 apparent,
798 1762 878 1835 spice
896 1760 1124 1834 quinquefariam
1143 1761 1195 1819 de·

226 1838 334 1914 biseit3
364 1862 435 1915 nec,
464 1854 497 1900 ut
521 1843 723 1922 campanulae
745 1843 895 1900 character
914 1847 1052 1918 requirit,
1073 1844 1193 1903 forami-

225 1924 314 1984 nibus
335 1928 512 1984 lateralibus.
554 1928 650 1984 Plicae
672 1947 759 2004 porro
774 1946 872 1984 ontnes
886 1927 992 1985 liberae
1013 1940 1092 2000 sunt,
1112 1933 1192 1987 nullo

225 2011 316 2068 nodo
336 2014 366 2068 in
390 2022 491 2069 centro
512 2032 574 2069 sese
595 2015 758 2089 attingunt,
787 2022 820 2068 ut
848 2013 1117 2086 dissepimentorusn
1138 2032 1193 2069 no-

225 2096 307 2152 mine
332 2100 433 2153 venire
460 2109 586 2173 queant,
613 2116 667 2153 nec
687 2096 913 2176 Receptaculass
936 2114 1085 2154 commune
1107 2098 1192 2153 inre·

222 2181 327 2252 ntur,
346 2181 397 2238 sed
417 2186 527 2239 sentina
548 2180 703 2257 parietibus
725 2182 859 2256 capsulae
879 2183 957 2235 intra
978 2182 1069 2255 plicas
1089 2198 1192 2256 parurn

221 2267 386 2337 excavatis,
406 2266 496 2325 infixa
517 2279 593 2323 sunt.
615 2265 692 2323 Hinc
709 2264 901 2345 Competalia
912 2264 1094 2321 adnumerari
1110 2266 1190 2322 nullo

221 2350 311 2408 modo
337 2361 434 2425 potest
458 2350 530 2408 boec
559 2354 658 2426 planta
685 2349 765 2425 (cum
798 2348 983 2429 Cumpoaslo
1010 2348 1132 2407 Elatiae
1160 2359 1190 2406 et

223 2432 356 2507 Brinta,
383 2455 455 2512 quae
481 2438 596 2512 quidem
623 2438 654 2493 in
682 2436 839 2493 Germania
867 2434 992 2492 noudum
1019 2434 1190 2494 observatas

220 2517 309 2599 sunt)
328 2521 379 2577 sed
400 2540 492 2599 genus
513 2524 658 2597 proprium
685 2523 876 2578 constituunt.

174 2602 297 2669 isera.
317 2601 363 2663 11.
408 2603 557 2665 Oeders‘
578 2605 672 2684 ligura
693 2607 724 2661 in
738 2605 825 2664 Flora
845 2604 959 2663 Dauica
978 2606 999 2663 l.
1020 2624 1045 2664 c.
1067 2614 1188 2662 naturae

219 2690 319 2749 ninus
338 2691 500 2765 respondet.
522 2690 618 2747 Radix
639 2692 716 2747 enim
736 2690 895 2748 iusilormis
908 2693 987 2765 picta
1007 2699 1093 2747 estet
1108 2692 1187 2764 prio-

218 2776 265 2833 ris
285 2777 355 2831 anui
376 2778 467 2833 caulis
487 2795 555 2851 pars
575 2775 706 2833 radicata
725 2775 858 2850 foliisque
880 2775 1037 2845 destituta,
1065 2792 1118 2848 pro
1138 2791 1187 2830 ra-

218 2858 287 2917 dice
306 2870 402 2937 sunta
422 2879 485 2917 esse
506 2861 637 2917 videtur:
659 2858 817 2916 Radiculae
832 2862 970 2915 axillares
988 2861 1017 2914 in
1033 2859 1114 2913 caule
1137 2857 1187 2912 de-

218 2953 292 3003 snut
319 2954 349 3000 et
369 2944 453 3001 Polio
473 2958 580 3013 orata,
612 2954 724 3000 serrato
752 2946 783 3000 in
810 2945 890 3000 nullo
911 2944 1066 3017 specimine
1088 2939 1187 2996 obser·

217 3038 338 3087 rantur.
380 3028 483 3086 llelius
513 3040 634 3086 naturae
662 3029 836 3103 respondent
868 3025 947 3083 Jolt.
970 3023 1145 3084 Boudins'
1165 3025 1186 3080 Ι.

218 3132 246 3171 c.
267 3111 364 3191 figura
383 3125 413 3170 et
434 3115 607 3189 descriptio,
628 3114 759 3188 quumvis
780 3112 927 3169 radiculae
948 3111 1085 3167 axillorcs
1109 3108 1186 3165 desi·

218 3196 359 3257 derentur
381 3208 410 3255 et
432 3203 530 3275 planta
551 3201 636 3255 nimis
658 3209 755 3254 erecto
769 3197 914 3253 delineata
934 3197 984 3265 sit,
1006 3194 1040 3250 de
1063 3209 1118 3267 qna
1140 3192 1186 3248 di·

218 3285 264 3341 ait
288 3282 397 3362 Cnap.
419 3283 622 3348 Baubinus
651 3284 670 3340 l.
692 3302 717 3338 e.
746 3282 823 3356 quod
844 3284 874 3338 in
896 3279 1012 3336 ericetis
1032 3276 1185 3353 proveniat

215 3368 371 3444 Ericisque
392 3370 558 3441 incumbat,
586 3370 653 3443 quia
674 3370 727 3424 vix
747 3370 810 3424 sola
831 3367 998 3423 sustinetur.

183 3549 519 3651 preubliittrrpe
542 3549 766 3623 Scleullooie.

174 3706 255 3765 intr
299 3708 328 3762 1.
349 3704 498 3764 Foliorum
528 3704 600 3761 lodis
623 3701 768 3759 interdum
790 3701 921 3759 omnibus
947 3699 1088 3777 integris,
1115 3694 1184 3752 bine

358 3791 458 3848 folium
487 3792 518 3847 in
545 3787 708 3864 peripheria
738 3786 1006 3863 quinquaugnlare,
1026 3782 1100 3841 lobia
1119 3801 1186 3839 rec·

299 3961 329 4017 2.
351 3878 528 4017 lbrdlcllddlis
550 3978 614 4015 cum
639 3956 771 4034 Capeula
784 3968 813 4012 et
834 3953 942 4030 Calpes
956 3950 1184 4028 pubescentibus.

174 4045 202 4107 h
225 4045 373 4103 silvaticis
393 4043 523 4101 Ducatus
545 4043 753 4118 Oldenburgici
782 4059 870 4115 prope
893 4037 1070 4112 b'euendurg
1092 4033 1183 4111 (Oe-

208 4126 273 4189 Τι’
287 4148 303 4187 e
319 4149 339 4185 n
351 4139 363 4184 t
375 4148 390 4186 e
401 4150 426 4209 p
442 4149 458 4187 o
475 4128 493 4185 ls
509 4128 554 4208 l),
582 4130 611 4183 in
637 4126 802 4182 l‘olutinatn
824 4142 912 4200 prope
934 4120 1182 4181 It'aiseralastern

174 4214 207 4279 tl
228 4224 264 4276 ct
286 4208 383 4295 ziz).
404 4217 445 4302 (ll.
466 4212 510 4273 Fa
532 4211 609 4288 llajo
633 4211 854 4290 adbugustum·

892 4320 971 4397 44*
